@misc{Goodman2014,
author = {Goodman, L. M.},
title = {{Tezos--a self-amending crypto-ledge}},
url = {https://tezos.com/static/papers/white_paper.pdf},
year = {2014}
}
